@Misc{spotify,
  howpublished = "{\url{http://www.csc.kth.se/~gkreitz/spotify-p2p10/spotify-p2p10.pdf
}}",
}

@Misc{googlehangouts,
  howpublished = "{\url{http://www.google.com/+/learnmore/hangouts/}}",
}

@Misc{appengine,
  howpublished = "{\url{https://developers.google.com/appengine/}}",
}


@Misc{parallelizeboot,
  author =	 "{James Hunt}",
  title =	 "{Boot Linux faster}",
  howpublished = "{\url{http://www.ibm.com/developerworks/linux/library/l-boot/index.html}}",
  year =	 "2003",
  month =	 sep
}

@Misc{xen,
  author =	 "",
  title =	 "Xen Hypervisor Project",
  howpublished = "{\url{http://www.xen.org/products/xenhyp.html}}",
  year =	 "2005",
  month =	 ""
}

@Misc{xen-mini,
  author = "",
  title = "Xen mini OS project",
  howpublished = "{\url{http://wiki.xen.org/wiki/Mini-OS}}"
}

@Misc{ec2,
  author = "",
  title = "Amazon EC2",
  howpublished = "{\url{http://aws.amazon.com/ec2/}}"
}

@Misc{azure,
  author = "",
  title = "Microsoft Azure",
  howpublished = "{\url{http://www.windowsazure.com/}}"
}

@Misc{rackspace,
  author = "",
  title = "Rackspace",
  howpublished = "{\url{www.rackspace.com}}"
}
@Misc{boottime,
  author = "",
  title = "Linux Boot Time related work collection",
  howpublished = "{\url{http://elinux.org/Boot_Time}}"
}

@TechReport{cloudmeter, 
   author = "Benjamin Farley and Venkatanathan and Kevin Bowers and Ari Juels and 
             Thomas Ristenpart and Michael M. Swift",
   title  = "More for Your Money: Exploiting Performance Heterogeneity in Public Clouds",
   institution = "University of Wisconsin and RSA Laboratories", 
   year = "", 
   address = "", 
   month = "" 
}


@Comment{
@Article{chicken95,
  author = 	 "Chicken Chicken",
  title = 	 "The Future of Chickens",
  journal = 	  "Transactions on Chickens",
  year = 	 "1995",
  volume = 	 "15",
  number = 	 "4",
  pages = 	 "706--734",
  month = 	 sep,
  url =          "http://www.chicken.org/chicken/15/4/chicken.pdf"
}

@InProceedings{chicken94,
  author = 	 "Chicken C. Chicken and Chicken Chicken",
  title = 	 "The Design and Implementation of a Chicken",
  booktitle = 	 "Symposium on Chicken Principles",
  pages = 	 "186--201",
  year = 	 "1994",
  address = 	 "Chicken Island, South Carolina",
  month = 	 dec,
  url =          "http://www.chickene.org/pubs/articles/proceedings/SOCP/p186-chicken.pdf"
}


@Book{chicken93,
  author = 	 "Chicken C. Chicken",
  title = 	 "The {Chicken} Specification",
  publisher = 	 "Chicken-Wesley",
  year = 	 "1993",
  isbn =         "0-201-61634-3"
}

@TechReport{chicken92, 
  author = "Chicken Chicken and Chicken Chicken
    and Chicken Chicken and Chicken Chicken and Chicken Chicken",
  title  = "{CHICKEN} --Initial Measurement and Evaluation Report",
  institution = "Trusted Chicken Systems", 
  year = "1992", 
  number = "0632R", 
  address = "Chickenwood, Maryland", 
  month = mar 
}


@PhdThesis{chicken91,
  author = 	 "Chicken Fox",
  title = 	 "A Framework for Separating Chickens from Chicken 
    Functionality",
  school = 	 "University of Chickens at Purdue",
  year = 	 "1991"
}

@inproceedings{cloudperf,
  title={A Performance Study on the VM Startup Time in the Cloud},
  author={Mao, M. and Humphrey, M.},
  booktitle={Cloud Computing (CLOUD), 2012 IEEE 5th International Conference on},
  pages={423--430},
  year={2012},
  organization={IEEE}
}

@inproceedings{fvd,
  title={Fvd: a high-performance virtual machine image format for cloud},
  author={Tang, C.},
  booktitle={Proceedings of the 2011 USENIX conference on USENIX annual technical conference},
  pages={18--18},
  year={2011},
  organization={USENIX Association}
}

@inproceedings{vrable2005,
  title={Scalability, fidelity, and containment in the potemkin virtual honeyfarm},
  author={Vrable, M. and Ma, J. and Chen, J. and Moore, D. and Vandekieft, E. and Snoeren, A.C. and Voelker, G.M. and Savage, S.},
  booktitle={ACM SIGOPS Operating Systems Review},
  volume={39},
  number={5},
  pages={148--162},
  year={2005},
  organization={ACM}
}

@inproceedings{backforth,
  title={Going back and forth: efficient multideployment and multisnapshotting on clouds},
  author={Nicolae, B. and Bresnahan, J. and Keahey, K. and Antoniu, G.},
  booktitle={Proceedings of the 20th international symposium on High performance distributed computing},
  pages={147--158},
  year={2011},
  organization={ACM}
}

@article{isci2011improving,
  title={Improving server utilization using fast virtual machine migration},
  author={Isci, C. and Liu, J. and Abali, B. and Kephart, JO and Kouloheris, J.},
  journal={IBM Journal of Research and Development},
  volume={55},
  number={6},
  pages={4--1},
  year={2011},
  publisher={IBM}
}

@article{sapuntzakis2002optimizing,
  title={Optimizing the migration of virtual computers},
  author={Sapuntzakis, C.P. and Chandra, R. and Pfaff, B. and Chow, J. and Lam, M.S. and Rosenblum, M.},
  journal={ACM SIGOPS Operating Systems Review},
  volume={36},
  number={SI},
  pages={377--390},
  year={2002},
  publisher={ACM}
}

@inproceedings{zhang2010exploiting,
  title={Exploiting data deduplication to accelerate live virtual machine migration},
  author={Zhang, X. and Huo, Z. and Ma, J. and Meng, D.},
  booktitle={Cluster Computing (CLUSTER), 2010 IEEE International Conference on},
  pages={88--96},
  year={2010},
  organization={IEEE}
}

@inproceedings{wang2011rethink,
  title={Rethink the virtual machine template},
  author={Wang, K. and Rao, J. and Xu, C.Z.},
  booktitle={ACM SIGPLAN Notices},
  volume={46},
  number={7},
  pages={39--50},
  year={2011},
  organization={ACM}
}

@inproceedings{lagar2009snowflock,
  title={SnowFlock: rapid virtual machine cloning for cloud computing},
  author={Lagar-Cavilla, H.A. and Whitney, J.A. and Scannell, A.M. and Patchin, P. and Rumble, S.M. and De Lara, E. and Brudno, M. and Satyanarayanan, M.},
  booktitle={Proceedings of the 4th ACM European conference on Computer systems},
  pages={1--12},
  year={2009},
  organization={ACM}
}

@article{kourai2011fast,
  title={Fast software rejuvenation of virtual machine monitors},
  author={Kourai, K. and Chiba, S.},
  journal={Dependable and Secure Computing, IEEE Transactions on},
  volume={8},
  number={6},
  pages={839--851},
  year={2011},
  publisher={IEEE}
}

@inproceedings{zhang2011fast,
  title={Fast restore of checkpointed memory using working set estimation},
  author={Zhang, I. and Garthwaite, A. and Baskakov, Y. and Barr, K.C.},
  booktitle={ACM SIGPLAN Notices},
  volume={46},
  number={7},
  pages={87--98},
  year={2011},
  organization={ACM}
}

@misc{powell2010fast,
  title={Fast booting a computing device to a specialized experience},
  author={Powell, T.L. and Anderson, J.M.},
  year={2010},
  month=oct # "~12",
  publisher={Google Patents},
  note={US Patent 7,814,307}
}

@misc{tsirkin2010mechanism,
  title={Mechanism for Virtual Machine Boot Speed-Up by Clock Acceleration},
  author={Tsirkin, M.S. and Natapov, G.},
  year={2010},
  month=dec # "~20",
  publisher={Google Patents},
  note={US Patent App. 12/972,671}
}

@article{kadav2009live,
  title={Live migration of direct-access devices},
  author={Kadav, A. and Swift, M.M.},
  journal={ACM SIGOPS Operating Systems Review},
  volume={43},
  number={3},
  pages={95--104},
  year={2009},
  publisher={ACM}
}
